@article{WenScience,
	title={Symmetry-Protected Topological Orders in Interacting Bosonic Systems},
	author={Chen, X. and Gu, Z.-C. and Liu, Z.-X. and Wen, X.-G.},
	journal={Science},
	volume={338},
	number={6114},
	pages={1604-1606},
	year={2012}
}
@article{WenPRB,
  title = {Symmetry protected topological orders and the group cohomology of their symmetry group},
  author = {Chen, Xie and Gu, Zheng-Cheng and Liu, Zheng-Xin and Wen, Xiao-Gang},
  journal = {Phys. Rev. B},
  volume = {87},
  issue = {15},
  pages = {155114},
  numpages = {48},
  year = {2013},
  month = {Apr},
  publisher = {American Physical Society},
  doi = {10.1103/PhysRevB.87.155114},
}


@article{LesikAshvin,
  title = {Emergent photons and transitions in the <span class="aps-inline-formula"><math display="inline" baseline="-0.5"><mrow><mi mathvariant="normal">O</mi><mo>(</mo><mn>3</mn><mo>)</mo></mrow></math></span> sigma model with hedgehog suppression},
  author = {Motrunich, Olexei I. and Vishwanath, Ashvin},
  journal = {Phys. Rev. B},
  volume = {70},
  issue = {7},
  pages = {075104},
  numpages = {13},
  year = {2004},
  month = {Aug},
  publisher = {American Physical Society},
  doi = {10.1103/PhysRevB.70.075104},
}

@article{McKenzie2,
	author={McKenzie, S. and Domb, C. and Hunter, D. L.},
	journal={J. Phys. A. Math. Gen.},
	volume={15},
	pages={3909-3914},
	year={1982}
}
@article{FQHE,
title = "Exact realization of integer and fractional quantum Hall phases in models in ",
journal = "Annals of Physics ",
volume = "334",
number = "0",
pages = "288 - 315",
year = "2013",
note = "",
issn = "0003-4916",
doi = "http://dx.doi.org/10.1016/j.aop.2013.03.017",
author = "Scott D. Geraedts and Olexei I. Motrunich",
}
@article{Loopy,
  title = {Monte Carlo study of a <span class="aps-inline-formula"><math><mrow><mi>U</mi><mo>(</mo><mn>1</mn><mo>)</mo><mo>×</mo><mi>U</mi><mo>(</mo><mn>1</mn><mo>)</mo></mrow></math></span> system with <span class="aps-inline-formula"><math><mi>π</mi></math></span>-statistical interaction},
  author = {Geraedts, Scott D. and Motrunich, Olexei I.},
  journal = {Phys. Rev. B},
  volume = {85},
  issue = {4},
  pages = {045114},
  numpages = {5},
  year = {2012},
  month = {Jan},
  publisher = {American Physical Society},
}
@article{Gen2Loops,
  title = {Monte Carlo study of a <span class="aps-inline-formula"><math><mrow><mi>U</mi><mo>(</mo><mn>1</mn><mo>)</mo><mo>×</mo><mi>U</mi><mo>(</mo><mn>1</mn><mo>)</mo></mrow></math></span> loop model with modular invariance},
  author = {Geraedts, Scott D. and Motrunich, Olexei I.},
  journal = {Phys. Rev. B},
  volume = {86},
  issue = {24},
  pages = {245121},
  numpages = {13},
  year = {2012},
  month = {Dec},
  publisher = {American Physical Society},
}
@article{FranzWitten,
  title = {Witten effect in a crystalline topological insulator},
  author = {Rosenberg, G. and Franz, M.},
  journal = {Phys. Rev. B},
  volume = {82},
  issue = {3},
  pages = {035105},
  numpages = {8},
  year = {2010},
  month = {Jul},
  publisher = {American Physical Society},
}


@article{Max,
	author={Metlitski, M.  and Fisher, M. P. A.},
	journal={priv. comm},
	year={2013}
}

@article{MaxWitten,
	author={Metlitski, M.  and Fisher, M. P. A.},
	journal={arXiv},
	year={2013}
}

@article{LesikSenthil,
  title = {Exotic Order in Simple Models of Bosonic Systems},
  author = {Motrunich, O. I. and Senthil, T.},
  journal = {Phys. Rev. Lett.},
  volume = {89},
  issue = {27},
  pages = {277004},
  numpages = {4},
  year = {2002},
  month = {Dec},
  publisher = {American Physical Society},
}
@article{LesikAshvin2,
	author={Motrunich, O. I. and Vishwanath, A.},
	journal={arXiv:0805:1494},
	year={2008}
}
@article{SenthilVishwanath,
  title = {Physics of Three-Dimensional Bosonic Topological Insulators: Surface-Deconfined Criticality and Quantized Magnetoelectric Effect},
  author = {Vishwanath, Ashvin and Senthil, T.},
  journal = {Phys. Rev. X},
  volume = {3},
  issue = {1},
  pages = {011016},
  numpages = {28},
  year = {2013},
  month = {Feb},
  publisher = {American Physical Society},
}
@article{SachdevHedgehogs,
	author={Sachdev, S. and Park, K.},
	journal={Annals of Physics N.~Y.},
	volume={298},
	pages={58},
	year={2002}
}
@article{LauDasgupta,
  title = {Numerical investigation of the role of topological defects in the three-dimensional Heisenberg transition},
  author = {Lau, Man-hot and Dasgupta, Chandan},
  journal = {Phys. Rev. B},
  volume = {39},
  issue = {10},
  pages = {7212--7222},
  numpages = {0},
  year = {1989},
  month = {Apr},
  publisher = {American Physical Society},
  doi = {10.1103/PhysRevB.39.7212},
}
@article{KamalMurthy,
   author  = "M. Kamal and G. Murthy",
   title   = "New O(3) transition in three dimensions",
   journal = "Phys. Rev. Lett.",
   volume  = "71",
   pages   = "1911",
   year    = "1993",
}%OK *
@article{LuVishwanath,
  title = {Theory and classification of interacting integer topological phases in two dimensions: A Chern-Simons approach},
  author = {Lu, Yuan-Ming and Vishwanath, Ashvin},
  journal = {Phys. Rev. B},
  volume = {86},
  issue = {12},
  pages = {125119},
  numpages = {28},
  year = {2012},
  month = {Sep},
  publisher = {American Physical Society},
  doi = {10.1103/PhysRevB.86.125119},
}
@article{SenthilLevin,
  title = {Integer Quantum Hall Effect for Bosons},
  author = {Senthil, T. and Levin, Michael},
  journal = {Phys. Rev. Lett.},
  volume = {110},
  issue = {4},
  pages = {046801},
  numpages = {5},
  year = {2013},
  month = {Jan},
  publisher = {American Physical Society},
  doi = {10.1103/PhysRevLett.110.046801},
}

